@InProceedings{armentano05p,
  author = {Armentano-Oller, Carme 
            and Corb{\'{\i}}-Bellot, Antonio M. 
            and Forcada, Mikel L. 
            and Ginest{\'{\i}}-Rosell, Mireia 
            and Bonev, Boyan 
            and Ortiz-Rojas, Sergio
            and P{\'{e}}rez-Ortiz, Juan Antonio
            and Ram{\'{\i}}rez-S{\'{a}}nchez, Gema
            and S{\'{a}}nchez-Mart{\'{\i}}nez, Felipe},
  title = {An open-source shallow-transfer machine translation toolbox: 
           consequences of its release and availability},
  booktitle = {OSMaTran: Open-Source Machine Translation, A workshop
               at Machine Translation Summit X},
  year = {2005},
  month = {September},
  location = {Phuket, Thailand},
  pages = {23--30},
}

@InProceedings{moses,
  author = {Philipp Koehn and Hieu Hoang and Alexandra Birch Mayne and Christopher Callison-Burch and Marcello Federico and Nicola Bertoldi and Brooke Cowan and Wade Shen and Christine Moran and Richard Zens and Chris Dyer and Ondrej Bojar and Alexandra Constantin and Evan Herbst},
  title = {Moses: Open Source Toolkit for Statistical Machine Translation},
  book = {Annual Meeting of the Association for Computation Linguistics (ACL), Demonstration Session},
  year = 2007,
  month = {Jun},
  pages = {177-180},
  url = {http://www.iccs.inf.ed.ac.uk/~pkoehn/publications/acl2007-moses.pdf}
}

@misc{srilm,
  author = "A. Stolcke",
  title = "SRILM -- an extensible language modeling toolkit",
  text = "A. Stolcke. SRILM -- an extensible language modeling toolkit. In Proc. Intl. Conf. on Spoken Language Processing, 2002.",
  year = "2002",
  url = "citeseer.ist.psu.edu/stolcke02srilm.html"
}

@inproceedings {irstlm,
  author = {Marcello Federico and Nicola Bertoldi and Mauro Cettolo},
  title = {IRSTLM: an Open Source Toolkit for Handling Large Scale Language Models},
  booktitle = {Interspeech 2008},
  publisher = {ISCA},
  pages = {1618--1621},
  location = {Brisbane, Australia},
  year = {2008}
}


@article{europarl,
  title = {Europarl: A Multilingual Corpus for Evaluation of Machine Translation}, 
  note = {Draft, unpublished}, 
  type = {unpublished},
  URL = {http://people.csail.mit.edu/\~{}koehn/publications/europarl.ps}, 
  author = { Koehn, Philipp }
}

@Book{wmt09,
  editor    = {Chris Callison-Burch  and  Philipp Koehn  and  Christof Monz  and  Josh Schroeder},
  title     = {Proceedings of the Fourth Workshop on Statistical Machine Translation},
  month     = {March},
  year      = {2009},
  address   = {Athens, Greece},
  publisher = {Association for Computational Linguistics},
  url       = {http://www.aclweb.org/anthology/W/W09/W09-0x}
}

@phdthesis{rest,
  author = {Fielding, Roy T.},
  posted-at = {2008-09-19 09:33:13},
  school = {University of California, Irvine},
  title = {Architectural Styles and the Design of Network-based Software Architectures},
  url = {http://www.ics.uci.edu/~fielding/pubs/dissertation/fielding_dissertation.pdf},
  year = {2000}
}

@article{forgy,
  author = {Charles Forgy},
  journal = {Artificial Intelligences},
  number = {1},
  pages = {17-37},
  title = {Rete: A Fast Algorithm for the Many Pattern/Many Object Pattern Match Problem},
  volume = {19},
  year = {1982},
  issn = {0004-3702}
}

@INPROCEEDINGS{textcat,
  author = {William B. Cavnar and John M. Trenkle},
  title = {N-Gram-Based Text Categorization},
  booktitle = {In Proceedings of SDAIR-94, 3rd Annual Symposium on Document Analysis and Information Retrieval},
  year = {1994},
  pages = {161--175}
}

@book{kircher2001,
  author = {Kircher, Michael and Jain, Prashant},
  howpublished = {Hardcover},
  isbn = {0470845252},
  month = {June},
  priority = {2},
  publisher = {Wiley},
  title = {Pattern-Oriented Software Architecture Volume 3: Patterns for Resource Management},
  year = {2004}
}

@article{web20,
  author = {Tim O'Reilly},
  interHash = {cfb82fcad7e01c3ed732288cf9042c55},
  intraHash = {fdf1ff568ba3f40293b4f25bb9da73d9},
  title = {{What Is Web 2.0: Design Patterns and Business Models for the Next Generation of Software}},
  url = {http://www.oreillynet.com/pub/a/oreilly/tim/news/2005/09/30/what-is-web-20.html},
  year = {2005},
  month = {September}
}

@book{soa,
  author = {Thomas Erl},
  howpublished = {Hardcover},
  publisher = {{Prentice Hall PTR}},
  title = {Service-Oriented Architecture : Concepts, Technology, and Design},
  year = {2005},
  isbn = {0131858580},
  month = {August}
}

@misc{wsgloss,
  author = {Allen Brown and Hugo Haas},
  howpublished = {World Wide Web Consortium, Note NOTE-ws-gloss-20040211},
  title = {Web Services Glossary},
  howpublished = {\url{http://www.w3.org/TR/ws-gloss/}},
  year = 2004,       
  month = {February}
}

@book{soap,
  author = {Snell, James and Tidwell, Doug and Kulchenko, Pavel},
  title = {Programming Web services with SOAP},
  year = {2002},
  isbn = {0-596-00095-2},
  publisher = {O'Reilly \& Associates, Inc.},
  address = {Sebastopol, CA, USA}
}

@techreport{xmlrpcspec,
  author = {Dave Winer},
  institution = {Userland Software},
  title = {{XML/RPC} Specification},
  url = {http://www.xmlrpc.com/spec},
  year = {1999},
}

@book{xmlrpc,
  author = {Laurent, Simon St. and Dumbill, Edd and Johnston, Joe},
  title = {Programming Web Services with XML-RPC},
  year = {2001},
  isbn = {0596001193},
  publisher = {O'Reilly \& Associates, Inc.},
  address = {Sebastopol, CA, USA}
}

@book{arnoldea,
  author = {D.J. Arnold and Lorna Balkan and Siety Meijer and R.Lee Humphreys and Louisa Sadler},
  title = {Machine Translation: an Introductory Guide},
  publisher = {Blackwells-NCC},
  address = {London},
  year = 1993,
  url = {http://www.essex.ac.uk/linguistics/clmt/MTbook/}
}

@article{metamap,
  author = {A. R. Aronson},
  institution = {es of Health, Bethesda, MD 20894, USA. alan@nlm.nih.gov},
  journal = {Proc AMIA Symp},
  pages = {17--21},
  title = {Effective mapping of biomedical text to the UMLS Metathesaurus: the MetaMap program.},
  year = {2001}
}

@inproceedings{metamapes,
  author = {Carrero, Francisco M. and Cortizo, Jos\'{e} Carlos and G\'{o}mez, Jos\'{e} Mar\'{\i}a and de Buenaga, Manuel},
  title = {In the development of a spanish metamap},
  booktitle = {CIKM '08: Proceeding of the 17th ACM conference on Information and knowledge management},
  year = {2008},
  isbn = {978-1-59593-991-3},
  pages = {1465--1466},
  location = {Napa Valley, California, USA},
  publisher = {ACM},
  address = {New York, NY, USA}
}

@article{umls,
  address = {Medical Subject Headings Section, National Library of Medicine, Bethesda, MD 20894.},
  author = {Schuyler, P. L. and Hole, W. T. and Tuttle, M. S. and Sherertz, D. D.},
  issn = {0025-7338},
  journal = {Bull Med Libr Assoc},
  keywords = {metathesaurus, umls},
  month = {April},
  number = {2},
  pages = {217--222},
  posted-at = {2007-03-29 15:42:24},
  priority = {2},
  title = {The UMLS Metathesaurus: representing different views of biomedical concepts.},
  volume = {81},
  year = {1993}
}

@misc{ wikipedia,
   author = "Wikipedia",
   title = "Wikipedia --- Wikipedia{,} The Free Encyclopedia",
   year = "2009",
   url = "\url{http://en.wikipedia.org/w/index.php?title=Wikipedia&oldid=316714166}",
   note = "[Online; accessed 28-September-2009]"
 }

@inproceedings{unhammer09,
	title = {Reuse of Free Resources in Machine Translation between Nynorsk and Bokmål},
	author = {Kevin Unhammer and Trond Trosterud and Francis Tyers},
	year = 2009,
	url = "\url{http://www.student.uib.no/~kun041/doc/freerbmt09_nnnb.pdf}",
	description = {Draft},
	}

@inproceedings{tyers09a,
	title = {Developing prototypes for machine translation between two Sámi languages},
	booktitle = {Proceedings of the 13th Annual Conference of the European Association of Machine Translation, EAMT09.},
	author = {Tyers, F. M. and Wiechetek, L. and Trosterud, T.},
	year = 2009,
	url = "\url{http://xixona.dlsi.ua.es/~fran/publications/eamt2009a.pdf}",
	}

@inproceedings{oller06,
	title = {Open-source machine translation between small languages: Catalan and Aranese Occitan},
	booktitle = {Strategies for developing machine translation for minority languages (5th SALTMIL workshop on Minority Languages)},
	author = {Carme Armentano-Oller and Mikel L. Forcada},
	year = 2006,
	url = "\url{http://www.dlsi.ua.es/~mlf/docum/armentano06p2.pdf}",
	}

@misc{google,
	author = "Jeffrey Chin and Daniel Rosart",
	title = "Machine Translation Feedback",
	booktitle = "US Patent Application 20080195372",
	year = 2008,
	month = "August",
	}
	
@inproceedings{milek08,
	author = {Marcin Mi\l{}kowski},
	editor = "B. Lewandowska-Tomaszczyk",
	title = "Automated Building of Error Corpora of Polish",
	url = "\url{http://marcinmilkowski.pl/downloads/error_corpora.pdf}",
	booktitle = "Corpus Linguistics, Computer Tools, and Applications --- State of the Art. PALC 2007",
	pages = "631--639",
	year = "2008",
	publisher = "Internationaler Verlag der Wissenschaften",
	}

@inproceedings{dugast07,
	author = {Loïc Dugast and Jean Senellart and Michel Simard and Philipp Koehn},
	title = "Statistical Post-Edition on SYSTRAN Rule-Based Translation System",
	year = 2007,
	booktitle = "ACL Workshop on Statistical Machine Translation",
	url = "\url{http://www.iccs.inf.ed.ac.uk/~pkoehn/publications/wmt2007-systran.pdf}",
	}

@misc{bleu,
    author = {Papineni, K. and Roukos, S. and Ward, T. and Zhu, W.},
    keywords = {bleu, mt-eval},
    posted-at = {2006-10-19 01:52:09},
    priority = {0},
    title = {Bleu: a method for automatic evaluation of machine translation},
    url = {http://citeseer.ist.psu.edu/papineni02bleu.html},
    year = {2001}
}

@inproceedings{meteor,
    address = {Ann Arbor, Michigan},
    author = {Banerjee, Satanjeev and Lavie, Alon},
    booktitle = {Proceedings of the ACL Workshop on Intrinsic and Extrinsic Evaluation Measures for Machine Translation and/or Summarization},
    month = {June},
    pages = {65--72},
    publisher = {Association for Computational Linguistics},
    title = {{METEOR}: An Automatic Metric for {MT} Evaluation with Improved Correlation with Human Judgments},
    url = {http://www.aclweb.org/anthology/W/W05/W05-0909},
    year = {2005}
}
