@Article{forcada11a,
  author =       {Mikel L. Forcada and Mireia Ginest\'i-Rosell and
                  Jacob Nordfalk and Jim O'Regan and Sergio
                  Ortiz-Rojas and Juan Antonio P\'erez-Ortiz and
                  Felipe S\'anchez-Mart\'inez, Gema
                  Ram\'irez-S\'anchez and Francis M. Tyers},
  title =        {Apertium: a free/open-source platform for rule-based
                  machine translation},
  journal =      {Machine Translation},
  note =         {Special Issue: Free/Open-Source Machine Translation},
  year =         2011,
  volume =       25,
  number =       2,
  pages =        {127--144},
}

@inproceedings{larasati2010study,
  title     = {A study of Indonesian-to-Malaysian MT system},
  author    = {Larasati, S.D. and Kubon, V.},
  booktitle = {Proceedings of the 4th international MALINDO workshop, Depok},
  pages     = {16--22},
  year      = {2010}
}

@article{larasati2011indonesian,
  title     = {Indonesian Morphology Tool (MorphInd): Towards an Indonesian Corpus},
  author    = {Larasati, S.D. and Kubo{\v{n}}, V. and Zeman, D.},
  journal   = {Systems and Frameworks for Computational Morphology},
  pages     = {119--129},
  year      = {2011},
  publisher = {Springer}
}

@INPROCEEDINGS{Baldwin06opensource,
    author = {Timothy Baldwin},
    title = {Open source corpus analysis tools for Malay},
    booktitle = {In Proc. of the 5th International Conference on Language Resources and Evaluation},
    year = {2006}
}
