@book{kircher2001,
  author = {Kircher, Michael and Jain, Prashant},
  howpublished = {Hardcover},
  isbn = {0470845252},
  month = {June},
  priority = {2},
  publisher = {Wiley},
  title = {Pattern-Oriented Software Architecture Volume 3: Patterns for Resource Management},
  year = {2004}
}

@article{web20,
  author = {Tim O'Reilly},
  interHash = {cfb82fcad7e01c3ed732288cf9042c55},
  intraHash = {fdf1ff568ba3f40293b4f25bb9da73d9},
  title = {{What Is Web 2.0: Design Patterns and Business Models for the Next Generation of Software}},
  url = {http://www.oreillynet.com/pub/a/oreilly/tim/news/2005/09/30/what-is-web-20.html},
  year = {2005},
  month = {September}
}

@book{soap,
  author = {Snell, James and Tidwell, Doug and Kulchenko, Pavel},
  title = {Programming Web services with SOAP},
  year = {2002},
  isbn = {0-596-00095-2},
  publisher = {O'Reilly \& Associates, Inc.},
  address = {Sebastopol, CA, USA}
}

@book{xmlrpc,
  author = {Laurent, Simon St. and Dumbill, Edd and Johnston, Joe},
  title = {Programming Web Services with XML-RPC},
  year = {2001},
  isbn = {0596001193},
  publisher = {O'Reilly \& Associates, Inc.},
  address = {Sebastopol, CA, USA}
}

@book{arnoldea,
  author =       {D.J. Arnold and Lorna Balkan and Siety Meijer and R.Lee Humphreys and Louisa Sadler},
  title =        {Machine Translation: an Introductory Guide},
  publisher =    {Blackwells-NCC},
  address =      {London},
  year =         1993,
  url  =         {http://www.essex.ac.uk/linguistics/clmt/MTbook/}
}

@article{metamap,
  author = {A. R. Aronson},
  institution = {es of Health, Bethesda, MD 20894, USA. alan@nlm.nih.gov},
  journal = {Proc AMIA Symp},
  pages = {17--21},
  title = {Effective mapping of biomedical text to the UMLS Metathesaurus: the MetaMap program.},
  year = {2001}
}

@inproceedings{metamapes,
  author = {Francisco M. Carrero and José Carlos Cortizo and José María Gómez and Manuel de Buenaga Rodríguez},
  booktitle = {CIKM},
  crossref = {conf/cikm/2008},
  editor = {James G. Shanahan and Sihem Amer-Yahia and Ioana Manolescu and Yi Zhang and David A. Evans and Aleksander Kolcz and Key-Sun Choi and Abdur Chowdhury},
  pages = {1465-1466},
  publisher = {ACM},
  title = {In the development of a spanish metamap.},
  year = {2008}
}