@inproceedings{bergsmak07,
  author = {Shane Bergsma and Grzegorz Kondrak},
  booktitle = {ACL},
  crossref = {conf/acl/2007},
  interHash = {05d42fda08934070596643fcf2d2d8b6},
  intraHash = {4fa54a18e2f2dd56d8bfcdb03eed529d},
  publisher = {The Association for Computer Linguistics},
  title = {Alignment-Based Discriminative String Similarity.},
  url = {http://dblp.uni-trier.de/db/conf/acl/acl2007.html#BergsmaK07},
  year = {2007},
  ee = {http://aclweb.org/anthology-new/P/P07/P07-1083.pdf},
  date = {2008-07-03}
}

@inproceedings{scherrer07,
        title = {Adaptive String Distance Measures for Bilingual Dialect Lexicon Induction.},
        author = {Yves Scherrer},
        booktitle = {ACL},
        crossref = {conf/acl/2007},
        publisher = {The Association for Computer Linguistics},
        year = 2007,
        url = {http://dblp.uni-trier.de/db/conf/acl/acl2007.html#Scherrer07},
        biburl = {http://www.bibsonomy.org/bibtex/2a3d87f5152817b3e1a7515b098703336/jimregan},
	keywords = {cognates},
    ee = {http://aclweb.org/anthology-new/P/P07/P07-3010.pdf}, date = {2008-07-03}}

@article{Levenshtein_SPD66,
        title = {Binary codes capable of correcting deletions, insertions and reversals.},
        author = {Vladimir Iosifovich Levenshtein},
        journal = {Soviet Physics Doklady},
        note = {Doklady Akademii Nauk SSSR, V163 No4 845-848 1965},
        number = 8,
        pages = {707--710},
        volume = 10,
        year = 1966,
        
      month = {#feb#},
	biburl = {http://www.bibsonomy.org/bibtex/220546d80ce76f58c6ef6ece9dd5f5056/jimregan},
	keywords = {edit-distance},
    }

